@article{turing,
    author = {Alan Mathison Turing},
    title = {Computing Machinery and Intelligence},
    journal = {MIND, New Series},
    volume = {59},
    year = {1950},
    number = {236},
    pages = {433--460}
}
@book{knuth,
    author = {Donald Ervin Knuth},
    title = {Volume 1: Fundamental Algorithms},
    edition = {1},
    series={The Art of Computer Programming},
    publisher = {Addison-Wesley Professional},
    address = {Wisconsin},
    year = {2011}
}
@misc{cnpq,
    author    = "Conselho Nacional de Desenvolvimento Científico e Tecnológico CNPq",
    title     = "Tabela de Áreas do Conhecimento",
    url       = "http://lattes.cnpq.br/documents/11871/24930/TabeladeAreasdoConhecimento.pdf/d192ff6b-3e0a-4074-a74d-c280521bd5f7",
    year      = "2019",
    note      = "Acesso em: 22 mai. 2019"
}

@misc{gohorse,
    author    = "GHP",
    title     = "GHP – Go Horse Process",
    url       = "https://gohorseprocess.wordpress.com/about/",
    year      = "2019",
    note      = "Acesso em: 22 mai. 2019"
}