@article{turing,
    author = {Alan Mathison Turing},
    title = {Computing Machinery and Intelligence},
    journal = {MIND, New Series},
    volume = {59},
    year = {1950},
    number = {236},
    pages = {433--460}
}
@book{knuth,
    author = {Donald Ervin Knuth},
    title = {Volume 1: Fundamental Algorithms},
    edition = {1},
    series={The Art of Computer Programming},
    publisher = {Addison-Wesley Professional},
    address = {Wisconsin},
    year = {2011}
}