@misc{euclides,
  title={Os elementos},
  author={Euclides},
  year={400 a.C.}
}