@book{curie1898rayons,
  title={Rayons {\'e}mis par les compos{\'e}s de l'uranium et du thorium},
  author={Curie, Marie and Lippmann (M., Gabriel)},
  year={1898},
  publisher={Gauthier-Villars}
}
@article{curie1931radioactive,
  title={The Radioactive Constants as of 1930 Report of the International Radium-Standards Commission},
  author={Curie, Marie and Debierne, A and Eve, AS and Geiger, H and Hahn, O and Lind, SC and Rutherford, E and Schweidler, E and others},
  journal={Reviews of Modern Physics},
  volume={3},
  number={3},
  pages={427},
  year={1931},
  publisher={APS}
}
@article{curie1910traite,
  title={Trait{\'e} de radioactivit{\'e}},
  author={Curie, Marie Sklodowska},
  year={1910},
  publisher={Gauthier-Villars, Imprimeur-libraire}
}
@article{einstein1935can,
  title={Can quantum-mechanical description of physical reality be considered complete?},
  author={Einstein, Albert and Podolsky, Boris and Rosen, Nathan},
  journal={Physical review},
  volume={47},
  number={10},
  pages={777},
  year={1935},
  publisher={APS}
}